@article{brandes2001faster,
  title={A faster algorithm for betweenness centrality*},
  author={Brandes, Ulrik},
  journal={Journal of Mathematical Sociology},
  volume={25},
  number={2},
  pages={163--177},
  year={2001},
  publisher={Taylor \& Francis}
}

@article{csardi2006igraph,
  title={The igraph software package for complex network research},
  author={Csardi, Gabor and Nepusz, Tamas},
  journal={InterJournal, Complex Systems},
  volume={1695},
  number={5},
  pages={1--9},
  year={2006}
}

@article{leskovec2014snap,
  title={SNAP Datasets: Stanford Large Network Dataset Collection},
  author={Leskovec, Jure and Krevl, Andrej},
  journal={Stanford University},
  year={2014}
}

@article{brandes2008variants,
  title={On variants of shortest-path betweenness centrality and their generic computation},
  author={Brandes, Ulrik},
  journal={Social Networks},
  volume={30},
  number={2},
  pages={136--145},
  year={2008},
  publisher={Elsevier}
}

@incollection{bader2007approximating,
  title={Approximating betweenness centrality},
  author={Bader, David A and Kintali, Shiva and Madduri, Kamesh and Mihail, Milena},
  booktitle={Algorithms and Models for the Web-Graph},
  pages={124--137},
  year={2007},
  publisher={Springer}
}

@inproceedings{geisberger2008better,
  title={Better Approximation of Betweenness Centrality.},
  author={Geisberger, Robert and Sanders, Peter and Schultes, Dominik},
  booktitle={ALENEX},
  pages={90--100},
  year={2008},
  organization={SIAM}
}

@article{barthelemy2004betweenness,
  title={Betweenness centrality in large complex networks},
  author={Barthelemy, Marc},
  journal={The European Physical Journal B-Condensed Matter and Complex Systems},
  volume={38},
  number={2},
  pages={163--168},
  year={2004},
  publisher={Springer}
}

@article{freeman1977set,
  title={A set of measures of centrality based on betweenness},
  author={Freeman, Linton C},
  journal={Sociometry},
  pages={35--41},
  year={1977},
  publisher={JSTOR}
}

@article{sabidussi1966centrality,
  title={The centrality index of a graph},
  author={Sabidussi, Gert},
  journal={Psychometrika},
  volume={31},
  number={4},
  pages={581--603},
  year={1966},
  publisher={Springer}
}

@article{hage1995eccentricity,
  title={Eccentricity and centrality in networks},
  author={Hage, Per and Harary, Frank},
  journal={Social networks},
  volume={17},
  number={1},
  pages={57--63},
  year={1995},
  publisher={Elsevier}
}

@article{shimbel1953structural,
  title={Structural parameters of communication networks},
  author={Shimbel, Alfonso},
  journal={The bulletin of mathematical biophysics},
  volume={15},
  number={4},
  pages={501--507},
  year={1953},
  publisher={Springer}
}

@inproceedings{abboud2015subcubic,
  title={Subcubic equivalences between graph centrality problems, APSP and diameter},
  author={Abboud, Amir and Grandoni, Fabrizio and Williams, Virginia Vassilevska},
  booktitle={Proceedings of the Twenty-Sixth Annual ACM-SIAM Symposium on Discrete Algorithms},
  pages={1681--1697},
  year={2015},
  organization={SIAM}
}

@article{magaia2015betweenness,
  title={Betweenness centrality in Delay Tolerant Networks: A survey},
  author={Magaia, Na{\'e}rcio and Francisco, Alexandre P and Pereira, Paulo and Correia, Miguel},
  journal={Ad Hoc Networks},
  year={2015},
  publisher={Elsevier}
}

@article{cui2015assessment,
  title={Assessment of flow paths and confluences for saltwater intrusion in a deltaic river network},
  author={Cui, Baoshan and Shao, Xiaojing and Zhang, Zhiming},
  journal={Hydrological Processes},
  year={2015},
  publisher={Wiley Online Library}
}

@article{lee2016efficient,
  title={Efficient algorithms for updating betweenness centrality in fully dynamic graphs},
  author={Lee, Min-Joong and Choi, Sunghee and Chung, Chin-Wan},
  journal={Information Sciences},
  volume={326},
  pages={278--296},
  year={2016},
  publisher={Elsevier}
}

@article{sivaranjani2015mitigating,
  title={Mitigating Serial Hot Spots on Crime Data using Interpolation Method and Graph Measures},
  author={Sivaranjani, S and Sivakumari, S},
  journal={International Journal of Computer Applications},
  volume={126},
  number={7},
  year={2015},
  publisher={Foundation of Computer Science}
}

@article{fairbanks2015behavioral,
  title={Behavioral clusters in dynamic graphs},
  author={Fairbanks, James P and Kannan, Ramakrishnan and Park, Haesun and Bader, David A},
  journal={Parallel Computing},
  year={2015},
  publisher={Elsevier}
}

@article{kourtellis2013identifying,
  title={Identifying high betweenness centrality nodes in large social networks},
  author={Kourtellis, Nicolas and Alahakoon, Tharaka and Simha, Ramanuja and Iamnitchi, Adriana and Tripathi, Rahul},
  journal={Social Network Analysis and Mining},
  volume={3},
  number={4},
  pages={899--914},
  year={2013},
  publisher={Springer}
}

@inproceedings{puzis2012heuristics,
  title={Heuristics for speeding up betweenness centrality computation},
  author={Puzis, Rami and Zilberman, Polina and Elovici, Yuval and Dolev, Shlomi and Brandes, Ulrik},
  booktitle={Privacy, Security, Risk and Trust (PASSAT), 2012 International Conference on and 2012 International Confernece on Social Computing (SocialCom)},
  pages={302--311},
  year={2012},
  organization={IEEE}
}

@inproceedings{madduri2009faster,
  title={A faster parallel algorithm and efficient multithreaded implementations for evaluating betweenness centrality on massive datasets},
  author={Madduri, Kamesh and Ediger, David and Jiang, Karl and Bader, David and Chavarria-Miranda, Daniel and others},
  booktitle={Parallel \& Distributed Processing, 2009. IPDPS 2009. IEEE International Symposium on},
  pages={1--8},
  year={2009},
  organization={IEEE}
}

@article{bader2008graph,
  title={A graph-theoretic analysis of the human protein-interaction network using multicore parallel algorithms},
  author={Bader, David A and Madduri, Kamesh},
  journal={Parallel Computing},
  volume={34},
  number={11},
  pages={627--639},
  year={2008},
  publisher={Elsevier}
}

@inproceedings{riondato2014fast,
  title={Fast approximation of betweenness centrality through sampling},
  author={Riondato, Matteo and Kornaropoulos, Evgenios M},
  booktitle={Proceedings of the 7th ACM international conference on Web search and data mining},
  pages={413--422},
  year={2014},
  organization={ACM}
}

